\textit{%% This BibTeX bibliography file was created using BibDesk.
%% http://www.cs.ucsd.edu/~mmccrack/bibdesk.html


%% Created for neil at 2002-12-09 14:04:13 +1300 

@misc{railsperftest:online,
author = {},
title = {rails/rails-perftest · GitHub},
howpublished = {\url{https://github.com/rails/rails-perftest}},
month = {},
year = {},
note = {(Visited on 10/08/2015)}
}

@misc{WorkingPopulation:online,
author = {Statistics NZ},
title = {Key Labour Force Measures by Qualification, Age and Sex},
howpublished = {\url{http://nzdotstat.stats.govt.nz/wbos/Index.aspx?DataSetCode=TABLECODE7080}},
month = {},
year = {},
note = {(Visited on 10/06/2015)}
}

@misc{WebB1:online,
author = {},
title = {Web Browser Standards Support},
howpublished = {\url{http://www.webdevout.net/browser-support}},
month = {},
year = {},
note = {(Visited on 10/05/2015)}
}

@misc{Brows6:online,
author = {},
title = {Browser Statistics},
howpublished = {\url{http://www.w3schools.com/browsers/browsers_stats.asp}},
month = {},
year = {},
note = {(Visited on 10/05/2015)}
}

@article{van2015mapping,
  title={Mapping Power Law Distributions in Digital Health Social Networks: Methods, Interpretations, and Practical Implications},
  author={van Mierlo, Trevor and Hyatt, Douglas and Ching, Andrew T},
  journal={Journal of medical Internet research},
  volume={17},
  number={6},
  year={2015},
  publisher={JMIR Publications Inc.}
}

@article{carron2014describing,
  title={Describing the distribution of engagement in an Internet support group by post frequency: A comparison of the 90-9-1 Principle and Zipf's Law},
  author={Carron-Arthur, Bradley and Cunningham, John A and Griffiths, Kathleen M},
  journal={Internet Interventions},
  volume={1},
  number={4},
  pages={165--168},
  year={2014},
  publisher={Elsevier}
}

@misc{Innov13:online,
author = {},
title = {Innovation in New Zealand: 2013},
howpublished = {\url{http://www.stats.govt.nz/browse_for_stats/businesses/business_growth_and_innovation/innovation-in-new-zealand-2013-tables.aspx}},
month = {},
year = {},
note = {(Visited on 09/29/2015)}
}

@misc{Innov11:online,
author = {},
title = {Innovation in New Zealand: 2011},
howpublished = {\url{http://www.stats.govt.nz/browse_for_stats/businesses/business_growth_and_innovation/innovation-in-new-zealand-2011.aspx}},
month = {},
year = {},
note = {(Visited on 09/29/2015)}
}

@misc{Innov9:online,
author = {},
title = {Innovation in New Zealand: 2009},
howpublished = {\url{http://www.stats.govt.nz/browse_for_stats/businesses/business_growth_and_innovation/innovation-in-new-zealand-2009.aspx}},
month = {},
year = {},
note = {(Visited on 09/29/2015)}
}

@misc{Innov7:online,
author = {},
title = {Innovation in New Zealand: 2007},
howpublished = {\url{http://www.stats.govt.nz/browse_for_stats/businesses/business_growth_and_innovation/innovation-in-new-zealand-2007.aspx}},
month = {},
year = {},
note = {(Visited on 09/29/2015)}
}

@misc{Innov5:online,
author = {},
title = {Innovation in New Zealand: 2005},
howpublished = {\url{http://www.stats.govt.nz/browse_for_stats/businesses/business_growth_and_innovation/}},
month = {},
year = {},
note = {(Visited on 09/29/2015)}
}

@misc{Extensibility:online,
author = {},
title = {What are good ways to measure extensibility? - Quora},
howpublished = {\url{https://www.quora.com/What-are-good-ways-to-measure-extensibility}},
month = {},
year = {},
note = {(Visited on 09/27/2015)}
}

@inproceedings{mattsson2006software,
  title={Software architecture evaluation methods for performance, maintainability, testability, and portability},
  author={Mattsson, Michael and Grahn, H{\aa}kan and M{\aa}rtensson, Frans},
  booktitle={Second International Conference on the Quality of Software Architectures},
  year={2006},
  organization={Citeseer}
}

@misc{DenyH6:online,
author = {},
title = {DenyHosts - Wikipedia, the free encyclopedia},
howpublished = {\url{https://en.wikipedia.org/wiki/DenyHosts}},
month = {},
year = {},
note = {(Visited on 09/27/2015)}
}

@misc{OWASP:online,
author = {},
title = {https://www.owasp.org/images/5/58/OWASP\_ASVS\_Version\_2.pdf},
howpublished = {\url{https://www.owasp.org/images/5/58/OWASP_ASVS_Version_2.pdf}},
month = {},
year = {},
note = {(Visited on 09/27/2015)}
}

@misc{SQLit5:online,
author = {},
title = {SQLite Home Page},
howpublished = {\url{https://www.sqlite.org/}},
month = {},
year = {},
note = {(Visited on 09/13/2015)}
}

@misc{tchan7:online,
author = {},
title = {tchandy/octopus - GitHub},
howpublished = {\url{https://github.com/tchandy/octopus}},
month = {},
year = {},
note = {(Visited on 09/13/2015)}
}

@misc{Accel4:online,
author = {},
title = {Accelerate web, mobile, and IoT applications with the world's fastest NoSQL database.},
howpublished = {\url{http://www.couchbase.com/}},
month = {},
year = {},
note = {(Visited on 09/13/2015)}
}

@misc{Apach2:online,
author = {},
title = {Apache CouchDB},
howpublished = {\url{http://couchdb.apache.org/}},
month = {},
year = {},
note = {(Visited on 09/13/2015)}
}

@misc{SiteSpeed1:online,
author = {},
title = {Site speed: case studies, tips and tools for improving your conversion rate | Econsultancy},
howpublished = {\url{https://econsultancy.com/blog/10936-site-speed-case-studies-tips-and-tools-for-improving-your-conversion-rate}},
month = {},
year = {},
note = {(Visited on 09/09/2015)}
}

@misc{TheAverage:online,
author = {},
title = {The average web site load time is a sluggish six seconds - infographic - The American Genius},
howpublished = {\url{http://theamericangenius.com/social-media/the-average-web-site-load-time-is-a-sluggish-six-seconds-infographic/}},
month = {},
year = {},
note = {(Visited on 09/09/2015)}
}

@misc{HowL7:online,
author = {},
title = {How Loading Time Affects Your Bottom Line},
howpublished = {\url{https://blog.kissmetrics.com/loading-time/}},
month = {},
year = {},
note = {(Visited on 09/09/2015)}
}

@incollection{littlewood2004redundancy,
  title={Redundancy and diversity in security},
  author={Littlewood, Bev and Strigini, Lorenzo},
  booktitle={Computer Security--ESORICS 2004},
  pages={423--438},
  year={2004},
  publisher={Springer}
}

@misc{Monke1:online,
author = {},
title = {Monkey patch - Wikipedia, the free encyclopedia},
howpublished = {\url{https://en.wikipedia.org/wiki/Monkey_patch}},
month = {},
year = {},
note = {(Visited on 09/05/2015)}
}

@article{schneier1999cryptography,
  title={Cryptography: The importance of not being different},
  author={{Bruce Schneier}},
  journal={Computer},
  volume={32},
  number={3},
  pages={108--109},
  year={1999},
  publisher={IEEE}
}

@misc{capistrano:online,
author = {},
title = {A remote server automation and deployment tool written in Ruby.},
howpublished = {\url{http://capistranorb.com/}},
month = {},
year = {},
note = {(Visited on 09/04/2015)}
}

@misc{phusionPassenger:online,
author = {},
title = {Fast web server \& app server, Ruby Python Node.js - Phusion Passenger},
howpublished = {\url{https://www.phusionpassenger.com/}},
month = {},
year = {},
note = {(Visited on 09/04/2015)}
}

@misc{nginx2:online,
author = {},
title = {nginx news},
howpublished = {\url{http://nginx.org/}},
month = {},
year = {},
note = {(Visited on 09/04/2015)}
}

@misc{Herok1:online,
author = {},
title = {Heroku | Cloud Application Platform},
howpublished = {\url{https://www.heroku.com/}},
month = {},
year = {},
note = {(Visited on 09/04/2015)}
}

@misc{StackOverflowProblem1:online,
author = {},
title = {Posts containing 'rails install' - Stack Overflow},
howpublished = {\url{http://stackoverflow.com/search?q=rails+install&s=c502979e-0897-4245-a1f8-e11be07f134d}},
month = {},
year = {},
note = {(Visited on 09/03/2015)}
}

@misc{StackOverflowProblem2:online,
author = {},
title = {Posts containing 'rails configuration' - Stack Overflow},
howpublished = {\url{http://stackoverflow.com/search?q=rails+configuration}},
month = {},
year = {},
note = {(Visited on 09/03/2015)}
}

@misc{StackOverflowProblem3:online,
author = {},
title = {Posts containing 'rails gem' - Stack Overflow},
howpublished = {\url{http://stackoverflow.com/search?q=rails+gem}},
month = {},
year = {},
note = {(Visited on 09/03/2015)}
}

@misc{StackOverflowProblem4:online,
author = {},
title = {Posts containing 'rails environment' - Stack Overflow},
howpublished = {\url{http://stackoverflow.com/search?q=rails+environment}},
month = {},
year = {},
note = {(Visited on 09/03/2015)}
}

@misc{Roma:personalCommunications,
author = {Roman Klapaukh},
title = {Trials and Tribulations of running Ruby on Rails},
howpublished = {Personal Conversations},
month = {},
year = {},
note = {Discussed on multiple occasions, mostly during the Victoria University Open Day}
}

@misc{Aggre7:online,
author = {},
title = {Aggregation Pipeline — MongoDB Manual 3.0},
howpublished = {\url{http://docs.mongodb.org/manual/core/aggregation-pipeline/}},
month = {},
year = {},
note = {(Visited on 09/02/2015)}
}

@incollection{renzel2012today,
  title={Today’s top “RESTful” services and why they are not RESTful},
  author={Renzel, Dominik and Schlebusch, Patrick and Klamma, Ralf},
  booktitle={Web Information Systems Engineering-WISE 2012},
  pages={354--367},
  year={2012},
  publisher={Springer}
}

@misc{Mongo4:online,
author = {},
title = {Mongoid Tutorial (5.0.0)},
howpublished = {\url{http://docs.mongodb.org/ecosystem/tutorial/ruby-mongoid-tutorial/#ruby-mongoid-tutorial}},
month = {},
year = {},
note = {(Visited on 09/02/2015)}
}

@book{livingston2007founders,
title={Founders at work: stories of startups' early days},
author={Livingston, Jessica},
year={2007},
publisher={Apress}
}

@misc{ideaForge:online,
author = {},
title = {ideaforge | the NEW engine of creation},
howpublished = {\url{http://ideaforge.io/}},
month = {},
year = {},
note = {(Visited on 08/24/2015)}
}

@misc{angelList:online,
author = {},
title = {AngelList - Where the world meets startups},
howpublished = {\url{https://angel.co/}},
month = {},
year = {},
note = {(Visited on 08/24/2015)}
}

@misc{assembly:online,
author = {},
title = {Assembly},
howpublished = {\url{https://assembly.com/}},
month = {},
year = {},
note = {(Visited on 08/24/2015)}
}

@article{boyd2002community,
title={In community we trust: Online security communication at eBay},
author={Boyd, Josh},
journal={Journal of Computer-Mediated Communication},
volume={7},
number={3},
pages={0--0},
year={2002},
publisher={Wiley Online Library}
}

@inproceedings{johnson2012facebook,
title={Facebook and privacy: it's complicated},
author={Johnson, Maritza and Egelman, Serge and Bellovin, Steven M},
booktitle={Proceedings of the eighth symposium on usable privacy and security},
pages={9},
year={2012},
organization={ACM}
}

@misc{enterpriseAngles:online,
author = {},
title = {Enterprise Angels |Startup capital|Entreprenuers|Angel fund},
howpublished = {\url{http://www.enterpriseangels.co.nz/}},
month = {},
year = {},
note = {(Visited on 08/26/2015)}
}

@misc{Kicks6:online,
author = {},
title = {Kickstarter},
howpublished = {\url{https://www.kickstarter.com/}},
month = {},
year = {},
note = {(Visited on 08/26/2015)}
}

@misc{Indie3:online,
author = {},
title = {Indiegogo: The Largest Global Crowdfunding \& Fundraising Site Online},
howpublished = {\url{https://www.indiegogo.com/}},
month = {},
year = {},
note = {(Visited on 08/26/2015)}
}

@misc{Pledg3:online,
author = {},
title = {PledgeMe - New Zealand's Crowdfunding Platform},
howpublished = {\url{https://www.pledgeme.co.nz/}},
month = {},
year = {},
note = {(Visited on 08/26/2015)}
}

@misc{Faceb6:online,
author = {},
title = {Facebook - Log In or Sign Up},
howpublished = {\url{https://www.facebook.com/}},
month = {},
year = {},
note = {(Visited on 08/26/2015)}
}

@misc{nzNSC10:online,
author = {},
title = {NZ NSC 10 Science for Technological Innovation - Google Groups},
howpublished = {\url{https://groups.google.com/forum/#!forum/nsc10}},
month = {},
year = {},
note = {(Visited on 08/26/2015)}
}

@misc{greatNZScience:online,
author = {},
title = {The Great New Zealand Science Project | Facebook},
howpublished = {\url{https://www.facebook.com/nzscience?ref=ts&fref=ts}},
month = {},
year = {},
note = {(Visited on 08/26/2015)}
}

@misc{nzHealthCare:online,
author = {},
title = {New Zealand Healthcare Innovation | LinkedIn},
howpublished = {\url{https://www.linkedin.com/groups/New-Zealand-Healthcare-Innovation-2035021/about?report}},
month = {},
year = {},
note = {(Visited on 08/26/2015)}
}

@article{shin2010effects,
title={The effects of trust, security and privacy in social networking: A security-based approach to understand the pattern of adoption},
author={Shin, Dong-Hee},
journal={Interacting with Computers},
volume={22},
number={5},
pages={428--438},
year={2010},
publisher={Elsevier}
}

@article{che2003optimal,
title={Optimal design of research contests},
author={Che, Yeon-Koo and Gale, Ian},
journal={The American Economic Review},
volume={93},
number={3},
pages={646--671},
year={2003},
publisher={American Economic Association}
}

@article{engelberger1982robotics,
title={Robotics in practice: Future capabilities},
author={Engelberger, Joseph F},
journal={Electronic Servicing \& Technology magazine},
year={1982}
}

@inproceedings{hautz2010establish,
title={How to establish an online innovation community? the role of users and their innovative content},
author={Hautz, Julia and Hutter, Katja and F{\"u}ller, Johann and Matzler, Kurt and Rieger, Markus},
booktitle={System Sciences (HICSS), 2010 43rd Hawaii International Conference on},
pages={1--11},
year={2010},
organization={IEEE}
}

@article{von2005democratizing,
title={Democratizing innovation},
author={Von Hippel, Eric A},
year={2005},
publisher={MIT Press, Cambridge, MA, April}
}

@article{knuth1974structured,
title={Structured Programming with go to Statements},
author={Knuth, Donald E},
journal={ACM Computing Surveys (CSUR)},
volume={6},
number={4},
pages={261--301},
year={1974},
publisher={ACM}
}

@article{stonebraker1986case,
  title={The case for shared nothing},
  author={Stonebraker, Michael},
  journal={IEEE Database Eng. Bull.},
  volume={9},
  number={1},
  pages={4--9},
  year={1986},
  publisher={Citeseer}
}

@article{astels2006new,
  title={A new look at Test-Driven Development},
  author={Astels, Dave},
  journal={http://blog. daveastels. com/files/BDD\_Intro. pdf> Acessado em},
  volume={12},
  pages={2013},
  year={2006}
}

%% Prelim references:

@article{shamir1979share,
title={How to share a secret},
author={Shamir, Adi},
journal={Communications of the ACM},
volume={22},
number={11},
pages={612--613},
year={1979},
publisher={ACM}
}

@misc{Perfo1:online,
author = {Mateo, Carles Mateo},
title = {Performance of several languages},
howpublished = {\url{http://blog.carlesmateo.com/2014/10/13/performance-of-several-languages/}},
month = {},
year = {},
note = {(Visited on 04/07/2015)}
}

@misc{Cancan1:online,
author = {},
title = {Continuation of CanCan, the authorization Gem for Ruby on Rails.},
howpublished = {\url{https://github.com/CanCanCommunity/cancancan}},
month = {},
year = {},
note = {(Visited on 04/07/2015)}
}

@misc{Secretsharing:online,
author = {Rempe, Glenn},
title = {Secret Sharing},
howpublished = {\url{https://github.com/grempe/secretsharing}},
month = {},
year = {},
note = {(Visited on 04/07/2015)}
}


@misc{Realme:online,
author = {Department of Internal Affairs},
title = {Home - RealMe},
howpublished = {\url{https://www.realme.govt.nz}},
month = {},
year = {},
note = {(Visited on 04/07/2015)}
}

@misc{Selenium:online,
author = {SeleniumHQ},
title = {Selenium - Web Browser Automoation},
howpublished = {\url{http://www.seleniumhq.org}},
month = {},
year = {},
note = {(Visited on 04/07/2015)}
}

@misc{Googleresponsive:online,
author = {Google},
title = {Mobile Friendly},
howpublished = {\url{https://www.google.com/webmasters/tools/mobile-friendly/}},
month = {},
year = {},
note = {(Visited on 04/07/2015)}
}



@misc{Responsivetest:online,
author = {},
title = {Responsive Test},
howpublished = {\url{http://www.responsivetest.net/}},
month = {},
year = {},
note = {(Visited on 04/07/2015)}
}



@misc{Responsivecheck:online,
author = {},
title = {Responsive Design Checer},
howpublished = {\url{http://responsivedesignchecker.com}},
month = {},
year = {},
note = {(Visited on 04/07/2015)}
}

@misc{Responsetime:online,
author = {Neilsen, Jakob},
title = {Response Times: The 3 Important Limits},
howpublished = {\url{http://www.nngroup.com/articles/response-times-3-important-limits/}},
month = {January},
year = {1993},
note = {(Visited on 04/07/2015)}
}

@misc{Linkedin:online,
author = {},
title = {LinkedIn},
howpublished = {\url{https://www.linkedin.com}},
month = {},
year = {},
note = {(Visited on 04/07/2015)}
}

@misc{Googlegroups:online,
author = {Google},
title = {Google Groups},
howpublished = {\url{https://groups.google.com/forum/#!overview}},
month = {},
year = {},
note = {(Visited on 04/07/2015)}
}

@misc{100open:online,
author = {100open},
title = {100\% Open},
howpublished = {\url{http://www.toolkit.100open.com}},
month = {},
year = {},
note = {(Visited on 04/07/2015)}
}

@misc{Pledge:online,
author = {},
title = {PledgeMe},
howpublished = {\url{https://www.pledgeme.co.nz}},
month = {},
year = {},
note = {(Visited on 04/07/2015)}
}

@misc{Angel:online,
author = {},
title = {Angel List},
howpublished = {\url{https://angel.co}},
month = {},
year = {},
note = {(Visited on 04/07/2015)}
}

@misc{Quirky:online,
author = {},
title = {Quirky},
howpublished = {\url{https://www.quirky.com}},
month = {},
year = {},
note = {(Visited on 04/07/2015)}
}

@article{chesbrough2007open,
title={Open innovation and strategy},
author={Chesbrough, Henry W and Appleyard, Melissa M},
year={2007}
}

@article{enkel2009open,
title={Open R\&D and open innovation: exploring the phenomenon},
author={Enkel, Ellen and Gassmann, Oliver and Chesbrough, Henry},
journal={R\&d Management},
volume={39},
number={4},
pages={311--316},
year={2009},
publisher={Wiley Online Library}
}

@article{gassmann2010future,
title={The future of open innovation},
author={Gassmann, Oliver and Enkel, Ellen and Chesbrough, Henry},
journal={R\&d Management},
volume={40},
number={3},
pages={213--221},
year={2010},
publisher={Wiley Online Library}
}


@misc{Cybersecurity:online,
author = {Thompson, Cadie},
title = {Businesses Facing Increasing Cyber Threats: Security Experts},
howpublished = {\url{http://www.cnbc.com/id/100421313}},
month = {January},
year = {2013},
note = {(Visited on 04/07/2015)}
}

@article{shamir1979share,
title={How to share a secret},
author={Shamir, Adi},
journal={Communications of the ACM},
volume={22},
number={11},
pages={612--613},
year={1979},
publisher={ACM}
}

@article{shklar2009web,
title={Web application architecture},
author={Shklar, Leon and Rosen, Richard},
journal={Principles, Protocols and Practices, Editura Wiley},
year={2009}
}

@inproceedings{leff2001web,
title={Web-application development using the model/view/controller design pattern},
author={Leff, Avraham and Rayfield, James T},
booktitle={Enterprise Distributed Object Computing Conference, 2001. EDOC'01. Proceedings. Fifth IEEE International},
pages={118--127},
year={2001},
organization={IEEE}
}

@article{sridaran2009survey,
title={A Survey of Design Pattern Based Web Applications.},
author={Sridaran, R and Padmavathi, G and Iyakutti, K},
journal={Journal of object technology},
volume={8},
number={2},
pages={61--70},
year={2009}
}

@article{hecht2011nosql,
title={NoSQL evaluation: A use case oriented survey},
author={Hecht, Robin and Jablonski, Stefan},
year={2011},
publisher={IEEE}
}

@article{floratou2012can,
title={Can the elephants handle the NoSQL onslaught?},
author={Floratou, Avrilia and Teletia, Nikhil and DeWitt, David J and Patel, Jignesh M and Zhang, Donghui},
journal={Proceedings of the VLDB Endowment},
volume={5},
number={12},
pages={1712--1723},
year={2012},
publisher={VLDB Endowment}
}

@inproceedings{mohan2013history,
title={History repeats itself: sensible and NonsenSQL aspects of the NoSQL hoopla},
author={Mohan, C},
booktitle={Proceedings of the 16th International Conference on Extending Database Technology},
pages={11--16},
year={2013},
organization={ACM}
}

@misc{Vault:online,
author = {HashiCorp},
title = {A tool for managing secrets.},
howpublished = {\url{https://vaultproject.io/docs/internals/security.html}},
month = {},
year = {},
note = {(Visited on 04/07/2015)}
}

@misc{Pgp:online,
author = {PGP},
title = {How PGP works},
howpublished = {\url{http://www.pgpi.org/doc/pgpintro/#p24}},
month = {},
year = {},
note = {(Visited on 04/07/2015)}
}

@misc{Parliament:online,
author = {Square},
title = {A Threshold Secret Sharing Service},
howpublished = {\url{http://www.pgpi.org/doc/pgpintro/#p24}},
month = {},
year = {},
note = {(Visited on 04/07/2015)}
}

@incollection{herzberg1995proactive,
title={Proactive secret sharing or: How to cope with perpetual leakage},
author={Herzberg, Amir and Jarecki, Stanis{\l}aw and Krawczyk, Hugo and Yung, Moti},
booktitle={Advances in Cryptology—CRYPT0’95},
pages={339--352},
year={1995},
publisher={Springer}
}

@inproceedings{cachin2002asynchronous,
title={Asynchronous verifiable secret sharing and proactive cryptosystems},
author={Cachin, Christian and Kursawe, Klaus and Lysyanskaya, Anna and Strobl, Reto},
booktitle={Proceedings of the 9th ACM conference on Computer and communications security},
pages={88--97},
year={2002},
organization={ACM}
}

@incollection{abdalla2001forward,
title={Forward-secure threshold signature schemes},
author={Abdalla, Michel and Miner, Sara and Namprempre, Chanathip},
booktitle={Topics in Cryptology—CT-RSA 2001},
pages={441--456},
year={2001},
publisher={Springer}
}

@inproceedings{shoup2000practical,
title={Practical threshold signatures},
author={Shoup, Victor},
booktitle={Advances in Cryptology—EUROCRYPT 2000},
pages={207--220},
year={2000},
organization={Springer}
}

@article{abdallah2015analysis,
title={Analysis and Comparison the Security and Performance of Secret Sharing Schemes},
author={Abdallah, Aisha and Salleh, Mazleena},
journal={Asian Journal of Information Technology},
volume={14},
number={2},
pages={74--83},
year={2015}
}

@incollection{dautrich2012security,
title={Security limitations of using secret sharing for data outsourcing},
author={Dautrich, Jonathan L and Ravishankar, Chinya V},
booktitle={Data and Applications Security and Privacy XXVI},
pages={145--160},
year={2012},
publisher={Springer}
}

@misc{Jruby:online,
author = {JRuby},
title = {Calling Java From JRuby},
howpublished = {\url{https://github.com/jruby/jruby/wiki/CallingJavaFromJRubyl}},
month = {},
year = {},
note = {(Visited on 04/07/2015)}
}
